@inproceedings{multir,
  title={Knowledge-based weak supervision for information extraction of overlapping relations},
  author={Hoffmann, Raphael and Zhang, Congle and Ling, Xiao and Zettlemoyer, Luke and Weld, Daniel S},
  booktitle={Proceedings of the 49th Annual Meeting of the Association for Computational Linguistics: Human Language Technologies-Volume 1},
  pages={541--550},
  year={2011},
  organization={Association for Computational Linguistics}
},
@inproceedings{snowball,
  title={Snowball: Extracting relations from large plain-text collections},
  author={Agichtein, Eugene and Gravano, Luis},
  booktitle={Proceedings of the fifth ACM conference on Digital libraries},
  pages={85--94},
  year={2000},
  organization={ACM}
},
@inproceedings{mintz,
  title={Distant supervision for relation extraction without labeled data},
  author={Mintz, Mike and Bills, Steven and Snow, Rion and Jurafsky, Dan},
  booktitle={Proceedings of the Joint Conference of the 47th Annual Meeting of the ACL and the 4th International Joint Conference on Natural Language Processing of the AFNLP: Volume 2-Volume 2},
  pages={1003--1011},
  year={2009},
  organization={Association for Computational Linguistics}
},
@inproceedings{shortestpathdep,
  title={A shortest path dependency kernel for relation extraction},
  author={Bunescu, Razvan C and Mooney, Raymond J},
  booktitle={Proceedings of the conference on Human Language Technology and Empirical Methods in Natural Language Processing},
  pages={724--731},
  year={2005},
  organization={Association for Computational Linguistics}
},
@misc{corenlp,
  title={A Suite of Core NLP Tools},
  author={CoreNLP, Stanford}
},
@inproceedings{rel,
  title={Learning 5000 relational extractors},
  author={Hoffmann, Raphael and Zhang, Congle and Weld, Daniel S},
  booktitle={Proceedings of the 48th Annual Meeting of the Association for Computational Linguistics},
  pages={286--295},
  year={2010},
  organization={Association for Computational Linguistics}
},
@incollection{riedel,
  title={Modeling relations and their mentions without labeled text},
  author={Riedel, Sebastian and Yao, Limin and McCallum, Andrew},
  booktitle={Machine Learning and Knowledge Discovery in Databases},
  pages={148--163},
  year={2010},
  publisher={Springer}
},
@inproceedings{craven,
  title={Constructing biological knowledge bases by extracting information from text sources.},
  author={Craven, Mark and Kumlien, Johan and others},
  booktitle={ISMB},
  volume={1999},
  pages={77--86},
  year={1999}
},
@article{de2008stanford,
  title={Stanford typed dependencies manual},
  author={De Marneffe, Marie-Catherine and Manning, Christopher D},
  journal={URL http://nlp. stanford. edu/software/dependencies manual. pdf},
  year={2008}
},
@inproceedings{soderlandtype,
  title={Type-Aware Distantly Supervised Relation Extraction with Linked Arguments},
  author={Soderland, Mitchell Koch John Gilmer Stephen and Weld, Daniel S},
  booktitle={Proceedings of EMNLP 2014}
},
@article{zhou2012multi,
  title={Multi-instance multi-label learning},
  author={Zhou, Zhi-Hua and Zhang, Min-Ling and Huang, Sheng-Jun and Li, Yu-Feng},
  journal={Artificial Intelligence},
  volume={176},
  number={1},
  pages={2291--2320},
  year={2012},
  publisher={Elsevier}
},
@inproceedings{min2013distant,
  title={Distant Supervision for Relation Extraction with an Incomplete Knowledge Base.},
  author={Min, Bonan and Grishman, Ralph and Wan, Li and Wang, Chang and Gondek, David},
  booktitle={HLT-NAACL},
  pages={777--782},
  year={2013}
},
@inproceedings{takamatsu2012reducing,
  title={Reducing wrong labels in distant supervision for relation extraction},
  author={Takamatsu, Shingo and Sato, Issei and Nakagawa, Hiroshi},
  booktitle={Proceedings of the 50th Annual Meeting of the Association for Computational Linguistics: Long Papers-Volume 1},
  pages={721--729},
  year={2012},
  organization={Association for Computational Linguistics}
}